<record><leader>00000cas a22000007a 4500</leader><controlfield tag="001">30129774</controlfield><controlfield tag="008">940412d188518uuazudr ne      0    0eng d</controlfield><datafield ind1=" " ind2=" " tag="010"><subfield code="a">sn 94052362 </subfield></datafield><datafield ind1=" " ind2=" " tag="040"><subfield code="a">CUY</subfield><subfield code="b">eng</subfield><subfield code="c">CNK</subfield><subfield code="d">ANN</subfield><subfield code="d">OCLCQ</subfield><subfield code="d">OCLCF</subfield><subfield code="d">OCLCO</subfield></datafield><datafield ind1="1" ind2=" " tag="029"><subfield code="a">AU@</subfield><subfield code="b">000010972569</subfield></datafield><datafield ind1=" " ind2=" " tag="042"><subfield code="a">msc</subfield></datafield><datafield ind1=" " ind2=" " tag="043"><subfield code="a">n-us-az</subfield></datafield><datafield ind1="0" ind2=" " tag="130"><subfield code="a">Arizona journal-miner (Prescott, Ariz. : 1885)</subfield></datafield><datafield ind1="1" ind2="0" tag="245"><subfield code="a">Arizona journal-miner.</subfield></datafield><datafield ind1="1" ind2="3" tag="246"><subfield code="a">Daily Arizona journal miner</subfield></datafield><datafield ind1="1" ind2="3" tag="246"><subfield code="a">Arizona daily journal miner</subfield></datafield><datafield ind1=" " ind2=" " tag="260"><subfield code="a">Prescott, Ariz. :</subfield><subfield code="b">Arizona Pub. Co.,</subfield><subfield code="c">1885-</subfield></datafield><datafield ind1=" " ind2=" " tag="300"><subfield code="a">v.</subfield></datafield><datafield ind1=" " ind2=" " tag="310"><subfield code="a">Daily (except Sun.)</subfield></datafield><datafield ind1="1" ind2=" " tag="362"><subfield code="a">Began in Sept. 1885.</subfield></datafield><datafield ind1=" " ind2=" " tag="580"><subfield code="a">Merger of: Arizona weekly journal, and: Daily Arizona miner (Prescott, Ariz. : 1883).</subfield></datafield><datafield ind1=" " ind2=" " tag="588"><subfield code="a">Description based on: Vol. 21, no. 271 (Jan. 4, 1886).</subfield></datafield><datafield ind1=" " ind2="0" tag="651"><subfield code="a">Prescott (Ariz.)</subfield><subfield code="v">Newspapers.</subfield></datafield><datafield ind1=" " ind2="0" tag="651"><subfield code="a">Yavapai County (Ariz.)</subfield><subfield code="v">Newspapers.</subfield></datafield><datafield ind1=" " ind2="7" tag="655"><subfield code="a">Newspapers.</subfield><subfield code="2">fast</subfield><subfield code="0">(OCoLC)fst01423814</subfield></datafield><datafield ind1=" " ind2="7" tag="651"><subfield code="a">Arizona</subfield><subfield code="z">Prescott.</subfield><subfield code="2">fast</subfield><subfield code="0">(OCoLC)fst01210000</subfield></datafield><datafield ind1=" " ind2="7" tag="651"><subfield code="a">Arizona</subfield><subfield code="z">Yavapai County.</subfield><subfield code="2">fast</subfield><subfield code="0">(OCoLC)fst01217120</subfield></datafield><datafield ind1=" " ind2=" " tag="752"><subfield code="a">United States</subfield><subfield code="b">Arizona</subfield><subfield code="c">Yavapai</subfield><subfield code="d">Prescott.</subfield></datafield><datafield ind1="0" ind2=" " tag="775"><subfield code="t">Arizona weekly journal-miner</subfield><subfield code="w">(DLC)sn 85032938</subfield></datafield><datafield ind1="1" ind2="4" tag="780"><subfield code="t">Arizona weekly journal</subfield><subfield code="w">(DLC)sn 95060809</subfield></datafield><datafield ind1="1" ind2="4" tag="780"><subfield code="t">Daily Arizona miner (Prescott, Ariz. : 1883)</subfield><subfield code="w">(DLC)sn 96060802</subfield></datafield><datafield ind1="0" ind2="0" tag="785"><subfield code="t">Daily Arizona journal-miner</subfield><subfield code="w">(DLC)sn 95060841</subfield></datafield></record>